@book{Gordon2003,
   author = {J. E. Gordon},
   city = {Cambridge, MA},
   publisher = {Da Capo Press},
   title = {Structures or why things don't fall down},
   year = {2003},
}

@book{Christensen2008,
   author = {Peter W. Christensen and Anders Klarbring},
   city = {Dordrecht},
   publisher = {Springer Netherlands},
   title = {{An Introduction to Structural Optimization}},
   year = {2008},
}

@book{Harzheim2014,
   author = {Lothar Harzheim},
   city = {Haan-Gruiten},
   publisher = {Europa Lehrmittle},
   title = {{Strukturoptimierung, Grundlagen und Anwendungen}},
   year = {2014},
}

@article{Fletcher1964,
    author = {Fletcher, R. and Reeves, C. M.},
    title = "{Function minimization by conjugate gradients}",
    journal = {The Computer Journal},
    volume = {7},
    number = {2},
    pages = {149-154},
    year = {1964},
}

@article{Broyden1970,
    author = {Broyden, C. G.},
    title = {{The Convergence of a Class of Double-rank Minimization Algorithms 1. General Considerations}},
    journal = {IMA Journal of Applied Mathematics},
    volume = {6},
    number = {1},
    pages = {76-90},
    year = {1970},
}


@article{Fletcher1970,
    author = {Fletcher, R.},
    title = "{A new approach to variable metric algorithms}",
    journal = {The Computer Journal},
    volume = {13},
    number = {3},
    pages = {317-322},
    year = {1970},
}

@article{Goldfarb1970,
  title = {A family of variable-metric methods derived by variational means},
  author = {Donald Goldfarb},
  journal = {Mathematics of Computation},
  year = {1970},
  volume = {24},
  pages = {23-26}
}

@article{Shanno1970,
  title = {{Conditioning of Quasi-Newton Methods for Function Minimization}},
  author = {David F. Shanno},
  journal = {Mathematics of Computation},
  year = {1970},
  volume = {24},
  pages = {647-656}
}


@article{Fleury1989,
  title = {{CONLIN: An efficient dual optimizer based on convex approximation concepts}},
  author = {C. Fleury},
  journal = {Structural Optimization},
  year = {1989},
  volume = {1},
  pages = {81-89}
}

@article{Svanberg1987,
   author = {Svanberg, Krister},
   title = {The method of moving asymptotesâ€”a new method for structural optimization},
   journal = {International Journal for Numerical Methods in Engineering},
   volume = {24},
   number = {2},
   pages = {359-373},
   year = {1987}
}

@article{Zhang1997,
   title = {A modification of convex approximation methods for structural optimization},
   journal = {Computers \& Structures},
   volume = {64},
   number = {1},
   pages = {89-95},
   year = {1997},
   author = {Wei-Hong Zhang and C. Fleury},
}

@misc{Karush1939,
   title = {{Minima of Functions of Several Variables with Inequalities as Side Conditions}},
   year = {1939},
   author = {William Karush},
}

@article{Kuhn1951,
   title = {{Nonlinear Programming}},
   journal = {Proceedings of the Second Berkeley Symposium on Mathematical Statistics and Probability},
   volume = {2},
   pages = {481-492},
   year = {1951},
   author = {H. W. Kuhn and A. W. Tucker},
}

@misc{Niculae2020,
   author = {Vlad Niculae},
   title = {{Optimizing with constraints: Reparametrization and geometry.}},
   year = {2020},
   url = {https://vene.ro/blog/mirror-descent.html},
   note = {[Online; accessed 20-March-2023]}
}

@incollection{Svanberg1984,
   author = {K. Svanberg},
   title = {On local and global minima in structural optimization},
   editor = {E. Atrek and R.H. Gallhager and K.M. Ragsdell and O.C. Zienkiewicz},
   booktitle = {New Directions in Optimum Structural Design},
   publisher = {Wiley},
   address = {New York},
   year = {1985},
   pages = {327-341},
}

@article{Michell1904,
   title = {{The Limits of Economy of Material in Frame Structures}},
   journal = {Philosophical Magazine},
   volume = {6},
   pages = {589-597},
   year = {1904},
   author = {A.G.M. Michell},
}

@misc{Picelli2015,
   title = {{Evolutionary Topology Optimization of Fluid-structure Interaction Problems}},
   year = {2015},
   author = {R. Picelli},
}

@inproceedings{Arora2019, 
   author = {Arora, Rahul and Jacobson, Alec and Langlois, Timothy R. and Huang, Yijiang and Mueller, Caitlin and Matusik, Wojciech and Shamir, Ariel and Singh, Karan and Levin, David I. W.}, 
   title = {Volumetric Michell Trusses for Parametric Design \& Fabrication}, 
   year = {2019}, 
   publisher = {Association for Computing Machinery}, 
   address = {New York, NY, USA}, 
   booktitle = {Proceedings of the 3rd Annual ACM Symposium on Computational Fabrication}, 
   articleno = {6}, 
   numpages = {13}, 
   location = {Pittsburgh, Pennsylvania}, 
   series = {SCF '19} 
}

@article{Lazarov2011,
   author = {Lazarov, B. S. and Sigmund, O.},
   title = {{Filters in topology optimization based on Helmholtz-type differential equations}},
   journal = {International Journal for Numerical Methods in Engineering},
   volume = {86},
   number = {6},
   pages = {765-781},
   doi = {https://doi.org/10.1002/nme.3072},
   year = {2011}
}

@book{Fish2007, 
   author = {Fish, Jacob and Belytschko, Ted}, 
   title = {{A First Course in Finite Elements}}, 
   year = {2007}, 
   isbn = {0470035803}, 
   publisher = {John Wiley \& Sons, Inc.}, 
   address = {Hoboken, NJ, USA} 
}

@article{Sigmund1998,
   author = {O. Sigmund and J. Petersson},
   doi = {10.1007/BF01214002},
   issn = {0934-4373},
   issue = {1},
   journal = {Structural Optimization},
   pages = {68-75},
   title = {{Numerical instabilities in topology optimization: A survey on procedures dealing with checkerboards, mesh-dependencies and local minima}},
   volume = {16},
   year = {1998},
}

@article{Sigmund2007,
   author = {O. Sigmund},
   doi = {10.1007/s00158-006-0087-x},
   journal = {Structural and Multidisciplinary Optimization},
   pages = {401-424},
   title = {{Morphology-based black and white filters for topology optimization}},
   volume = {33},
   year = {2007},
}

@article{Eschenauer2001,
    author = {H.A. Eschenauer and N. Olhoff},
    title = {{Topology optimization of continuum structures: A review}},
    journal = {Applied Mechanics Reviews},
    volume = {54},
    number = {4},
    pages = {331-390},
    year = {2001},
    issn = {0003-6900},
    doi = {10.1115/1.1388075},
}

@InProceedings{Biancolini20,
author="Biancolini, Marco Evangelos
and Chiappa, Andrea
and Cella, Ubaldo
and Costa, Emiliano
and Groth, Corrado
and Porziani, Stefano",
editor="Krzhizhanovskaya, Valeria V.
and Z{\'a}vodszky, G{\'a}bor
and Lees, Michael H.
and Dongarra, Jack J.
and Sloot, Peter M. A.
and Brissos, S{\'e}rgio
and Teixeira, Jo{\~a}o",
title="Radial Basis Functions Mesh Morphing",
booktitle="Computational Science -- ICCS 2020",
year="2020",
publisher="Springer International Publishing",
address="Cham",
pages="294--308",
}





